<record><leader>00000cas a22000007a 4500</leader><controlfield tag="001">9526127</controlfield><controlfield tag="008">830519d18341834nyudn ne      0    0eng d</controlfield><datafield ind1=" " ind2=" " tag="010"><subfield code="a">sn 83030447 </subfield></datafield><datafield ind1=" " ind2=" " tag="040"><subfield code="a">NPU</subfield><subfield code="b">eng</subfield><subfield code="c">NPU</subfield><subfield code="d">NPX</subfield><subfield code="d">OCLCQ</subfield></datafield><datafield ind1=" " ind2=" " tag="042"><subfield code="a">msc</subfield></datafield><datafield ind1="0" ind2=" " tag="130"><subfield code="a">Morning star (New York, N.Y. : 1834)</subfield></datafield><datafield ind1="1" ind2="4" tag="245"><subfield code="a">The morning star.</subfield></datafield><datafield ind1=" " ind2=" " tag="260"><subfield code="a">New York [N.Y.] :</subfield><subfield code="b">Lincoln &amp; Simmons,</subfield><subfield code="c">1834.</subfield></datafield><datafield ind1=" " ind2=" " tag="300"><subfield code="a">34 no. :</subfield><subfield code="b">ill. ;</subfield><subfield code="c">39 cm.</subfield></datafield><datafield ind1=" " ind2=" " tag="310"><subfield code="a">Daily (except Sun.)</subfield></datafield><datafield ind1="0" ind2=" " tag="362"><subfield code="a">No. 1 (Mar. 21, 1834) ; no. 1 (Mar. 24, 1834)-no. 33 (May 1, 1834).</subfield></datafield><datafield ind1=" " ind2=" " tag="500"><subfield code="a">Publisher: Charles Richmond Lincoln, Apr. 29-May 1, 1834.</subfield></datafield><datafield ind1=" " ind2=" " tag="752"><subfield code="a">United States</subfield><subfield code="b">New York</subfield><subfield code="c">New York</subfield><subfield code="d">New York.</subfield></datafield></record>